<?xml version="1.0" encoding="utf-8"?>
<record xmlns="http://www.loc.gov/MARC21/slim" xmlns:xsi="http://www.w3.org/2001/XMLSchema-instance" xsi:schemaLocation="http://www.loc.gov/MARC21/slim http://www.loc.gov/standards/marcxml/schema/MARC21slim.xsd">
	<leader>     nam a22        4500</leader>
	<controlfield tag="001">002657162</controlfield>
	<controlfield tag="003">NNU</controlfield>
	<controlfield tag="006">m        d        </controlfield>
	<controlfield tag="007">cr cn |||m|||a</controlfield>
	<controlfield tag="008">160519s1953    tu a    ob    000 0 ara d</controlfield>
	<datafield ind1=" " ind2=" " tag="040">
		<subfield code="a">NNU</subfield>
		<subfield code="b">eng</subfield>
		<subfield code="e">rda</subfield>
		<subfield code="c">NNU</subfield>
	</datafield>
	<datafield ind1=" " ind2="4" tag="050">
		<subfield code="a">B751.A35</subfield>
		<subfield code="b">U42 1953</subfield>
	</datafield>
	<datafield ind1="0" ind2=" " tag="100">
		<subfield code="6">880-01</subfield>
		<subfield code="a">Avicenna,</subfield>
		<subfield code="d">980-1037,</subfield>
		<subfield code="e">author.</subfield>
	</datafield>
	<datafield ind1="1" ind2="0" tag="245">
		<subfield code="6">880-02</subfield>
		<subfield code="a">Rasāʼil ibn Sīnā :</subfield>
		<subfield code="b">ajawāb sit ʻashr masʼalah li-Abī Rīḥān, ajwibat masāʼil saʼal ʻanhā Abū Rīḥān makātabah li-Abī ʻAlī ibn Sīnā. risālah fī abṭāl aḥkām al-nujūm, masāʼil ʻan aḥwāl al-rūḥ, ajwibat ʻan ʻashr masāʼil, risālah fī al-nafs wa-baqāʼihā wa-maʻādihā, al-jawāb li-baʻḍ al-mutakallimīn /</subfield>
		<subfield code="c">taʼlīf al-shaykh al-raʼīs Abī ʻAlī ibn Sīnā. Kitāb al-farq bayna al-rūḥ wa-al-nafs / taʼlīf Qisṭā ibn Lūqā ; ʻunaya bi-nashrihi Ḥilmī Ḍīyā Ūlkin.</subfield>
	</datafield>
	<datafield ind1="1" ind2="4" tag="246">
		<subfield code="a">Les opuscules d'Ibn Sina</subfield>
	</datafield>
	<datafield ind1="1" ind2="4" tag="246">
		<subfield code="a">Ibn Sina risâleleri</subfield>
	</datafield>
	<datafield ind1=" " ind2="1" tag="264">
		<subfield code="6">880-03</subfield>
		<subfield code="a">Isṭanbūl :</subfield>
		<subfield code="b">Maṭbaʻat Ibrāhīm Khurūz,</subfield>
		<subfield code="c">1953.</subfield>
	</datafield>
	<datafield ind1=" " ind2=" " tag="300">
		<subfield code="a">online resource (159, 12, 24 pages) :</subfield>
		<subfield code="b">illustrations</subfield>
	</datafield>
	<datafield ind1=" " ind2=" " tag="336">
		<subfield code="a">text</subfield>
		<subfield code="2">rdacontent</subfield>
	</datafield>
	<datafield ind1=" " ind2=" " tag="337">
		<subfield code="a">computer</subfield>
		<subfield code="2">rdamedia</subfield>
	</datafield>
	<datafield ind1=" " ind2=" " tag="338">
		<subfield code="a">online resource</subfield>
		<subfield code="2">rdacarrier</subfield>
	</datafield>
	<datafield ind1="1" ind2=" " tag="490">
		<subfield code="6">880-04</subfield>
		<subfield code="a">Jāmiʻat Istānbūl, Kullīyat al-Ādāb, al-muʼallaf ;</subfield>
		<subfield code="v">raqm 552</subfield>
	</datafield>
	<datafield ind1=" " ind2=" " tag="500">
		<subfield code="a">Text in Arabic and French.</subfield>
	</datafield>
	<datafield ind1=" " ind2=" " tag="500">
		<subfield code="a">Includes errata pages.</subfield>
	</datafield>
	<datafield ind1=" " ind2=" " tag="500">
		<subfield code="a">Part of the Arabic Collections Online (ACO) project, contributed by New York Univeristy Libraries.</subfield>
	</datafield>
	<datafield ind1=" " ind2=" " tag="504">
		<subfield code="a">Includes bibliographical references.</subfield>
	</datafield>
	<datafield ind1=" " ind2=" " tag="533">
		<subfield code="a">Electronic reproduction.</subfield>
		<subfield code="b">New York, N.Y. :</subfield>
		<subfield code="c">New York University,</subfield>
		<subfield code="d">2016.</subfield>
		<subfield code="5">NNU</subfield>
	</datafield>
	<datafield ind1="0" ind2="0" tag="600">
		<subfield code="6">880-05</subfield>
		<subfield code="a">Qusṭā ibn Lūqā,</subfield>
		<subfield code="d">approximately 820-approximately 912.</subfield>
		<subfield code="t">Kitāb al-firaq bayna al-rūḥ wa-al-nafs.</subfield>
	</datafield>
	<datafield ind1=" " ind2="0" tag="650">
		<subfield code="a">Islamic philosophy</subfield>
		<subfield code="v">Early works to 1800.</subfield>
	</datafield>
	<datafield ind1=" " ind2="0" tag="650">
		<subfield code="a">Philosophy, Medieval.</subfield>
	</datafield>
	<datafield ind1=" " ind2="0" tag="650">
		<subfield code="a">Philosophy, Arab.</subfield>
	</datafield>
	<datafield ind1="1" ind2=" " tag="700">
		<subfield code="6">880-06</subfield>
		<subfield code="a">Ülken, Hilmi Ziya.</subfield>
	</datafield>
	<datafield ind1="0" ind2=" " tag="700">
		<subfield code="6">880-07</subfield>
		<subfield code="a">Qusṭā ibn Lūqā,</subfield>
		<subfield code="d">approximately 820-approximately 912.</subfield>
	</datafield>
	<datafield ind1="2" ind2=" " tag="710">
		<subfield code="a">New York University.</subfield>
		<subfield code="b">Libraries.</subfield>
	</datafield>
	<datafield ind1="0" ind2=" " tag="730">
		<subfield code="a">Arabic Collections Online.</subfield>
	</datafield>
	<datafield ind1="0" ind2=" " tag="740">
		<subfield code="6">880-08</subfield>
		<subfield code="a">Kitāb al-farq bayna al-rūḥ wa-al-nafs.</subfield>
	</datafield>
	<datafield ind1="0" ind2="8" tag="776">
		<subfield code="i">Print version:</subfield>
		<subfield code="a">Avicenna, 980-1037, author.</subfield>
		<subfield code="t">Rasāʼil ibn Sīnā</subfield>
		<subfield code="w">(NNU)002657162</subfield>
	</datafield>
	<datafield ind1="4" ind2="0" tag="856">
		<subfield code="u">http://hdl.handle.net/2333.1/fqz615pn</subfield>
	</datafield>
	<datafield ind1="0" ind2=" " tag="880">
		<subfield code="6">100-01/</subfield>
		<subfield code="a">بن سينا ،</subfield>
		<subfield code="d">980-1037.</subfield>
	</datafield>
	<datafield ind1="1" ind2="0" tag="880">
		<subfield code="6">245-02/</subfield>
		<subfield code="a">رسائل بن سينا :</subfield>
		<subfield code="b">جواب ست عشر مسئلة لأبي ريحان، أجوبة مسائل سأل عنها أبو ريحان مكاتبة لأبي علي بن سينا. رسالة في ابطال أحكام النجوم، مسائل عن أحوال الروح، أجوبة عن عشر مسائل، رسالة في النفس وبقائها ومعادها، الجواب لبعض المتكلمين /</subfield>
		<subfield code="c">تأليف الشيخ الرئيس أبي علي بن سينا. كتاب الفرق بين الروح والنفس / تأليف قسطا بن لوقا ؛ عني بنشره حلمي ضيا اولكن.</subfield>
	</datafield>
	<datafield ind1=" " ind2="1" tag="880">
		<subfield code="6">264-03/</subfield>
		<subfield code="a">اسطنبول :</subfield>
		<subfield code="b">مطبعة إبراهيم خروز،</subfield>
		<subfield code="c">1953.</subfield>
	</datafield>
	<datafield ind1="1" ind2=" " tag="880">
		<subfield code="6">490-04/</subfield>
		<subfield code="a">جامعة استانبول، كلية الآداب، المؤلف ؛</subfield>
		<subfield code="v">رقم 552</subfield>
	</datafield>
	<datafield ind1="0" ind2="0" tag="880">
		<subfield code="6">600-05/</subfield>
		<subfield code="a">قسطا بن لوقا،</subfield>
		<subfield code="d">حوالي 820-حوالي 912.</subfield>
		<subfield code="t">كتاب الفرق بين الروح والنفس.</subfield>
	</datafield>
	<datafield ind1="1" ind2=" " tag="880">
		<subfield code="6">700-06/</subfield>
		<subfield code="a">اولكن، حلمي ضيا.</subfield>
	</datafield>
	<datafield ind1="0" ind2=" " tag="880">
		<subfield code="6">700-07/</subfield>
		<subfield code="a">قسطا بن لوقا،</subfield>
		<subfield code="d">حوالي 820-حوالي 912.</subfield>
	</datafield>
	<datafield ind1="0" ind2=" " tag="880">
		<subfield code="6">740-08/</subfield>
		<subfield code="a">كتاب الفرق بين الروح والنفس.</subfield>
	</datafield>
	<datafield ind1=" " ind2="0" tag="830">
		<subfield code="a">İstanbul Üniversitesi Edebiyat Fakültesi yayınları ;</subfield>
		<subfield code="v">no. 552.</subfield>
	</datafield>
	<datafield ind1=" " ind2=" " tag="959">
		<subfield code="a">NNU</subfield>
		<subfield code="b">WEB</subfield>
		<subfield code="c">GENI</subfield>
		<subfield code="t">0</subfield>
		<subfield code="m">Electronic access</subfield>
		<subfield code="s">01</subfield>
	</datafield>
	<datafield ind1=" " ind2=" " tag="999">
		<subfield code="i">NNU_002657162</subfield>
		<subfield code="s">nyu_aco001622:v.1</subfield>
		<subfield code="s">nyu_aco001623:v.2</subfield>
		<subfield code="e">(ERROR-880)</subfield>
	</datafield>
</record>
